@misc{latcrossword,
  title        = "{Daily Crossword}",
  author       = "{LA Times}",
  howpublished = "\url{https://www.latimes.com/games/daily-crossword}",
  year         = 2015,
  note         = "Accessed: 2020-09-23"
}
